@article{KUCHEMANN2012,
   title = {Envelhecimento populacional, cuidado e cidadania: velhos dilemas e novos desafios},
   journal = {Sociedade e Estado},
   author={Kuchemann, Berlindes Astrid},
   ISSN = {0102-6992},
   language = {pt},
   URL = {http://www.scielo.br/scielo.php?script=sci_arttext&pid=S0102-69922012000100010&nrm=iso},
   volume = {27},
   year = {2012},
   month = {04},
   pages = {165 - 180},
   publisher = {scielo},
}
   
@article{CALERTA,
	author = {Assessoria de Imprensa - Hospital São Luiz},
	title = {VELOCIDADE DO ATENDIMENTO APóS O INFARTO DIMINUI DANOS},
    note = "Disponível em \url{http://coracaoalerta.com.br/fique-alerta/velocidade-do-atendimento-apos-o-infarto-diminui-dano} Acesso em 31/05/2016",
}

@article{ACRIT,
	author = {A Crítica},
	title = {Idosos e crianças são maiores vítimas dos acidentes domésticos},
    note = "Disponível em \url{http://acritica.uol.com.br/vida/Manaus-Amazonas-Amazonia-Idosos-criancas-maiores-acidentes-domesticos_0_1214878524.html} Acesso em 31/05/2016",
}

@article{FOLHA,
	author = {Collucci, Cláudia},
	title = {Número de idosos que moram sozinhos triplica em 20 anos},
    note = "Disponível em \url{http://www1.folha.uol.com.br/equilibrioesaude/2013/12/1389765-numero-de-idosos-que-moram-sozinhos-triplica-em-20-anos.shtml} Acesso em 31/05/2016",
}
