@article{KUCHEMANN2012,
   title = {Envelhecimento populacional, cuidado e cidadania: velhos dilemas e novos desafios},
   journal = {Sociedade e Estado},
   author={Kuchemann, Berlindes Astrid},
   ISSN = {0102-6992},
   language = {pt},
   URL = {http://www.scielo.br/scielo.php?script=sci_arttext&pid=S0102-69922012000100010&nrm=iso},
   volume = {27},
   year = {2012},
   month = {04},
   pages = {165 - 180},
   publisher = {scielo},
   }

@article{IEEE6091301, 
 author={S. Kwon and J. Lee and G. S. Chung and K. S. Park}, 
 booktitle={2011 Annual International Conference of the IEEE Engineering in Medicine and Biology Society}, 
 title={Validation of heart rate extraction through an iPhone accelerometer}, 
 year={2011}, 
 pages={5260-5263},  
 doi={10.1109/IEMBS.2011.6091301}, 
 ISSN={1094-687X}, 
}

@unpublished{SLAU292G,
        author = "Texas Instruments",
        title = "eZ430-Chronos Development Tool User's Guide (Rev. G)",
        note = "Dispon√≠vel em \url{http://www.ti.com/lit/ug/slau292g/slau292g.pdf} Acesso em 22/04/2016",
}

